
@Misc{spark_nano,
author = {Spark Nano},
title = {\textit{Spark Nano 5.0 GPS Tracker}},
howpublished = {\url{https://ii.brickhousesecurity.com/fcgi-bin/iipsrv.fcgi?FIF=/images/brickhousesecurity//source/GPS-SN5_6.tif&wid=335&cvt=jpeg}}
}

@Misc{my_car_tracks,
author = {My Car Tracks},
title = {\textit{Aplickacja na smartphone MyCarTracks}},
howpublished = {\url{https://www.mycartracks.com/features;jsessionid=3D9E99856BB52CB325C6D699AA3EF5F0.mct-node-one}}
}

@Misc{gl300,
author = {STI},
title = {\textit{STI GL300 GPS Tracker}},
howpublished = {\url{https://images-na.ssl-images-amazon.com/images/I/81Xv5REeNxL._SL1500_.jpg}}
}

@Misc{GSM,
author = {Agilent Technologies},
title = {\textit{GSM presentation}},
year = {2000},
howpublished = {\\\url{http://mars.merhot.dk/w/images/8/88/GSM_praesentation_noter.pdf}}
}

@Misc{GSM_tutorialspoint,
author = {Tutorials Point Pvt. Ltd. },
title = {\textit{GLOBAL SYSTEM FOR MOBILE COMMUNICATIONS (GSM)
TUTORIAL}},
year = {2014},
howpublished = {\\\url{https://www.tutorialspoint.com/gsm/gsm_tutorial.pdf}}
}

@Misc{GSM_wiki,
title = {\textit{Cellular network architecture image}},
howpublished = {\\\url{https://en.wikipedia.org/wiki/Cellular_network}}
}


@Misc{GPS_ublox,
author = {U-Blox AG, Zogg J. M.},
title = {\textit{GPS Essentials of Sattelite Navigation Compendium}},
year = {2009},
}

@Misc{inzynierka,
author = {Konrad Traczyk},
title = {\textit{Projekt personalnego urządzenia śledzącego pozycję geograficzną, sprzężonego z aplikacją mobilną}},
year = {2016}
}

@Misc{RS422,
title = {Obrazek prezentujący strukturę bitów i poziomy napięć w interfejsach RS232 i RS422},
howpublished = {\\\url{http://www.bb-elec.com/Images/whitepaper-images/DataByte.aspx}}
}

@Manual{QUECTEL_HW_DESIGN,
title = {MC60 Series Hardware Design},
author = {Tiger Chen},
organization = {Quectel},
address = {Shanghai, China},
month = {May},
year = {2017}
}


@Book{BLE,
author = {Townsend K. and Cufí C. and Davidson A. and R.},
title = {\textit{Getting started with Bluetooth Low Energy}},
publisher = {O'Reilly Media},
year = {2014}
}

@Book{NFC,
author = {Igoe T. and Coleman D. and Jepson B.},
title = {\textit{\textbf{Beginning NFC. Near Field Communication with Arduino, Android and PhoneGap}}},
publisher = {O'Reilly Media},
year = {2014}
}

@Misc{RFID_antenna,
title = {\textit{Obrazek przedstawiający budowę tag'a RFID}},
howpublished = {\\\url{http://1oomzzme3s617r8yzr8qutjk.wpengine.netdna-cdn.com/wp-content/uploads/2017/04/RFID-basics-Fig-3.jpg}}
}

@Misc{NFC_NXP,
OPTauthor = {Leroux E. and NXP},
OPTtitle = {Presentation: NFC Reader Design: How to build your own reader,},
OPTmonth = {Luty},
OPTyear = {2015},
}



@Manual{nRF52832_PS,
title = {nRF52832 Product Specification v1.4},
OPTorganization = {Nordic Semiconductor},
OPTmonth = {October},
OPTyear = {2017},
}


@Misc{nordic_docs,
author = {Nordic Semiconductor},
title = {\textit{Dokumentacja {SDK} mikrokontrolerów rodziny {nRF5x}}},
howpublished = {\\\url{https://infocenter.nordicsemi.com/index.jsp}}
}


@Misc{pcb_wire_RF,
author = {Monika Jaworowska},
title = {\textit{Projektowanie płytek PCB dla linii szybkiej komunikacji}},
year = {2013},
howpublished = {\\\url{https://elektronikab2b.pl/technika/19012-projektowanie-plytek-drukowanych-z-ukladami-typu-high-speed#.WgYv75-YUW1}}
}

@Misc{pcb_wire_thickness,
author = {Piotr Górecki},
title = {\textit{O paskudztwach i czarodziejach, czyli zakłócenia w układach elektrycznych}},
year = {2003},
howpublished = {\\\url{https://elportal.pl/pdf/2003/edw_2003_09_s20.pdf}}
}

@Misc{aes_cryptoit,
author = {Krzysztof Kowalczyk},
title = {\textit{Advanced Encryption Standard}},
howpublished = {\\\url{http://www.crypto-it.net/pl/symetryczne/aes.html?tab=1}}
}


@Misc{aes_wiki,
author = {en.wikipedia.org},
title = {\textit{Advanced Encryption Standard}},
howpublished = {\\\url{https://en.wikipedia.org/wiki/Advanced_Encryption_Standard}}
}



