@article{localization,
    author = {Aswin N Raghavan and Harini Ananthapadmanaban and Manimaran S Sivamurugan and Balaraman Ravindran },
    title = {Accurate Mobile Robot Localization in indoor environments using Bluetooth},
    year = {2010},
    journal = {ANRH Ananthapadmanaban},
}

@article{rssi,
    author = {Bing-Fei Wu and Cheng-Lung Jen and Kuei-Chung Chang },
    title = {Neural fuzzy based indoor localization by Kalman filtering with propagation channel modeling},
    year = {2007},
    journal = {IEEE International Conference on Systems, Man and Cybernetics},
}
 

@book{agitr,
    title = "A Gentle Introduction to ROS",
    author = "Jason M. O'Kane",
    publisher = "University of South Carolina",
    year = {2013},
    isbn = {978-1492143239},
    annnote = {Dostępna w Internecie: \url{http://www.cse.sc.edu/~jokane/agitr/}}
}


@misc{nordic,
    title = {Dokumentacja SDK mikrokontrolerów rodziny nRF51},
    howpublished = {\url{https://infocenter.nordicsemi.com/index.jsp}},
    note = {Dostęp: 2017-07-11}
}

@misc{ble,
    title = {Specyfikacja standardu {Bluetooth}},
    howpublished = {\url{https://www.bluetooth.com/specifications/bluetooth-core-specification}},
    note = {Dostęp: 2017-07-11}
}

@misc{pcb_wire_RF,
    title = {Artykuł o projektowaniu płytek PCB dla linii szybkiej komunikacji},
    howpublished = {\url{http://elektronikab2b.pl/technika/19012-projektowanie-plytek-drukowanych-z-ukladami-typu-high-speed#.WefTiHVfhhE}},
    note = {Dostęp: 2017-10-19}
}

@misc{pcb_wire_thickness,
    title = {Artykuł opisujący parametry ścieżek PCB},
    howpublished = {\url{http://elportal.pl/pdf/2003/edw_2003_09_s20.pdf}},
    note = {Dostęp: 2017-10-19}
}